4008 5286
942 554 1013 656 eti

891 671 1085 688 ——n-

247 807 464 882 exstiterunt
488 808 699 906 longissime
731 804 933 906 superabit.
982 809 1149 902 Rejerre'
1179 809 1297 902 enim,
1329 824 1368 884 ut
1394 811 1484 887 alias
1509 827 1662 914 quoque
1686 815 1721 889 ei

252 957 355 1057 quod
390 984 520 1058 graece
552 957 685 1032 dicitur
719 947 901 1062 ἂποῷἑρειν
922 957 1143 1067 respondet,
1181 963 1236 1036 sic
1267 985 1348 1036 eam
1383 987 1467 1038 eum
1499 964 1571 1038 hoc
1605 963 1722 1044 verbo

250 1109 553 1207 significationem
586 1134 818 1184 communem
851 1091 985 1204 babet,
1015 1103 1095 1212 'qua
1136 1137 1181 1186 cx
1214 1115 1403 1188 notissimo
1441 1077 1746 1217 praepositionis

252 1274 319 1343 ἂπὸ
342 1288 409 1336 usu
437 1260 483 1334 de
509 1285 547 1334 re
570 1259 695 1332 debita
723 1276 936 1360 usurpetur,
973 1288 1087 1361 quam
1121 1264 1168 1337 ad
1202 1288 1281 1340 eam
1308 1270 1368 1340 cui
1391 1265 1569 1344 debeatur
1593 1268 1722 1369 perie-

254 1409 453 1508 ramusffi);
479 1439 591 1513 quum
616 1416 655 1486 in
681 1415 897 1520 sententiam
917 1415 1061 1513 insigne
1078 1430 1130 1489 est
1147 1419 1305 1492 Senecae
1323 1416 1472 1511 dictum,
1498 1447 1574 1520 quo
1601 1421 1722 1497 notis-

227 1537 383 1640 ¹simam
410 1565 605 1640 formulam
626 1567 803 1660 gratiam
838 1559 961 1636 alictii
986 1570 1135 1659 referre
1160 1537 1332 1663 illustrat,
1364 1575 1401 1646 in
1426 1575 1540 1673 Epist.
1564 1573 1721 1660 Lxxxt,

254 1745 290 1818 p.
318 1721 409 1792 325:
435 1724 584 1817 referre
609 1734 666 1792 est
691 1689 796 1794 atrro
812 1710 912 1814 qnod
935 1718 1073 1790 debeas
1097 1719 1255 1816 offerre,
1283 1749 1402 1824 neque
1427 1740 1487 1798 aut
1511 1720 1604 1796 illud
1625 1722 1722 1796 alie-

253 1896 343 1944 num
369 1886 424 1946 est
448 1870 553 1970 quod
577 1868 679 1971 apud
704 1857 918 1972 Ciceronem
942 1868 1100 1970 legimus
1124 1869 1172 1944 de
1196 1873 1315 1950 Finib.
1339 1880 1380 1964 Il,
1407 1878 1470 1950 19:
1510 1899 1620 1971 quem
1645 1871 1722 1951 scil.

255 2025 497 2096 corrrulntum
513 2048 626 2119 pssum
644 2026 698 2094 nd
710 2037 982 2122 petrem-tuum
999 2025 1209 2107 retulisses,
1237 2044 1298 2102 aut
1316 2027 1419 2128 quod
1440 2026 1539 2129 apud
1551 2026 1723 2103 Ouidium

255 2173 502 2274 Metamorph.
526 2178 567 2266 ΙΙ,
592 2174 687 2248 2862

428 2303 430 2310 Ι
449 2331 583 2402 Hosne
607 2327 702 2400 milri
716 2329 899 2422 fruetus,
922 2329 1024 2402 hunc
1038 2329 1271 2422 fertilitatis
1295 2328 1474 2422 Isonorern

453 2481 649 2577 Officiique
673 2481 827 2573 resen?

256 2630 359 2734 qood
385 2635 416 2708 si
441 2631 534 2707 baec
557 2629 731 2706 vocabuli
764 2632 820 2704 vis
845 2634 990 2732 egregie
1022 2636 1192 2706 convenit
1224 2633 1349 2731 pueris
1374 2631 1593 2729 mercedem·
1610 2630 1727 2705 disci·

256 2786 380 2884 plinae
405 2786 509 2882 qnasi
533 2780 704 2857 beneficii
728 2786 869 2883 accepti
905 2781 953 2856 ad
980 2755 1192 2881 magistrum
1218 2782 1508 2882 perferentibus,
1542 2807 1664 2882 neque
1689 2787 1726 2860 iu

256 2935 408 3034 reliquis
432 2933 557 3009 verbis
581 2934 783 3035 quidquam
804 2937 1004 3025 invenitur,
1038 2935 1138 3034 quod
1167 2933 1361 3034 impediat,
1392 2937 1591 3033 quominus
1616 2936 1727 3012 salvis

257 3056 405 3189 linguae¹
431 3087 581 3186 legibus
616 3104 730 3162 totum
764 3086 992 3164 versum-ad
1027 3086 1203 3162 minet-vel
1228 3085 1483 3184 ludimagistro
1518 3091 1625 3164 certis
1650 3088 1726 3162 idi.

257 3237 592 3340 bus·pendendum
618 3240 831 3332 reseramus,
848 3240 1054 3338 exspectari
1073 3255 1170 3312 certe
1186 3255 1339 3338 poterat,
1367 3237 1597 3314 adversarios
1615 3239 1727 3342 hujus

258 3396 442 3495 opinionis
469 3417 512 3464 ex
537 3395 619 3494 ipso
644 3395 842 3467 sententiae
872 3407 997 3464 tenore
1031 3391 1264 3489 gravissimas
1292 3415 1422 3464 causas
1454 3390 1633 3487 attulisse,
1664 3417 1728 3468 cur

259 3545 369 3619 aliam
404 3545 526 3640 potius
566 3543 637 3616 sibi
670 3542 961 3644 amplectendum
997 3545 1215 3614 censuerint.
1263 3545 1341 3616 Hoc
1366 3559 1489 3618 tamen
1523 3547 1560 3623 in
1593 3573 1632 3622 re
1657 3543 1731 3620 dici
1800 3563 1803 3570 '

259 3723 333 3772 non
358 3710 477 3796 potest
503 3710 733 3793 quantopere
756 3721 860 3794 spem
887 3710 1050 3768 nostram
1084 3691 1245 3767 brevitas
1275 3697 1442 3796 ipsorum
1468 3695 1588 3788 sallats
1629 3721 1730 3794 quo·

258 3876 340 3922 rum
368 3835 541 3948 princeps
566 3826 789 3938 Lambinus:
819 3832 1078 3956 omuesmjere,
1105 3844 1251 3943 inquit‚'
1274 3848 1369 3945 lrnec
1394 3851 1508 3922 verba
1534 3848 1731 3939 accipiunt

263 4012 311 4080 de
345 4003 518 4075 mercede
551 4025 649 4093 quoe
674 4003 838 4072 daretur
863 4001 1002 4072 Flavio
1026 3999 1258 4070 numerandi
1283 4001 1482 4095 magistro,
1507 4023 1576 4093 ego
1599 4013 1731 4072 autem

259 4157 445 4261 putabam
471 4151 729 4243 intelligendo
752 4156 801 4223 de
821 4152 988 4247 pecunia
1014 4151 1055 4222 iu
1077 4153 1236 4246 foenore
1260 4166 1459 4248 occupato,
1484 4163 1523 4222 ut
1547 4173 1594 4222 ne
1618 4149 1732 4226 iutel-

255 4359 611 4410 -,-------·,·

327 4501 375 4569 aa,
397 4491 504 4550 Bndnei
524 4493 629 4545 comm.
648 4489 683 4546 Ii·
703 4490 751 4545 Gn.
770 4509 801 4562 p,
818 4491 869 4546 tto
886 4495 916 4545 st
933 4489 1096 4549 llemstsrb.
1116 4490 1236 4546 Anime.
1253 4490 1299 4547 ed.
1317 4487 1388 4546 ont
1405 4507 1431 4560 p
1448 4489 1492 4548 4⁰.
