4008 5286
987 559 1063 650 “89

249 851 250 860 ¹
281 819 635 922 ‚quinquagesimum
659 833 851 896 munerum
874 813 1121 916 *publicorum
1149 831 1285 896 anuum
1301 814 1547 921 impleverat,
1593 817 1760 893 debitum

283 989 439 1048 naturae
462 967 645 1059 reddidit,
677 991 869 1070 quemque,
898 967 965 1043 etsi
989 981 1181 1048 strenuum
1209 985 1244 1043 et
1268 985 1389 1044 ocrem
1415 995 1666 1049 successorem
1689 995 1762 1044 ac«-

282 1127 427 1224 ,cepisse
451 1119 655 1222 gaudemus
680 1116 952 1196 conradum
977 1117 1206 1214 Ledcrer,
1238 1123 1303 1221 qui
1328 1124 1417 1235 jam·
1432 1143 1499 1224 per
1523 1123 1664 1221 aliquot
1687 1149 1760 1196 atn-

283 1301 352 1350 uos
371 1271 570 1374 adjunctus
588 1272 660 1370 ipsi
677 1288 714 1344 et
740 1272 897 1358 vicarios
921 1269 1028 1346 datus
1047 1269 1182 1360 suerat,
1208 1288 1330 1348 tamen
1355 1240 1410 1346 oli
1432 1277 1647 1348 suavitatem
1673 1299 1760 1378 mo-

270 1451 366 1532 vrum
392 1409 578 1525 animique
599 1421 803 1502 candorem
828 1447 1015 1517 nunqnam
1037 1421 1249 1498 desiderare
1271 1425 1501 1539 desinemns3
1527 1426 1620 1500 duos
1646 1451 1760 1526 prae-

283 1595 383 1653 terea
414 1583 568 1678 juvenes
602 1577 790 1656 literarum
831 1573 1038 1666 studiosos,
1081 1566 1331 1650 Ern'esrnm
1363 1580 1599 1669 ¹Creone,
1647 1603 1760 1676 quem

283 1730 401 1806 malus
417 1755 530 1826 rerror
553 1726 603 1802 ad
624 1750 773 1810 manum
798 1722 964 1824 sibiipsi
980 1724 1212 1802 inserendam
1239 1728 1411 1828 abripuit,
1438 1746 1473 1802 et
1487 1709 1511 1802 J
1518 1712 1759 1801 ohannem

231 1848 234 1851 Ι
285 1882 464 1974 Raabe,
505 1883 613 1978 cujus
639 1883 734 1953 vitae
759 1869 920 1978 phthisis
954 1877 1173 1977 pulmonum
1200 1895 1474 1979 praematurum
1498 1880 1608 1953 finem
1630 1881 1761 1979 impo-

282 2038 374 2127 suit,
393 2049 610 2133 utrumque,
635 2033 842 2136 quainter
867 2055 969 2103 meos
992 2032 1109 2130 ipsius
1134 2029 1320 2114 auditores
1344 2031 1510 2123 fuerunt,
1553 2032 1644 2105 milri
1671 2049 1759 2131 prae
1801 2099 1802 2106 ,

283 2187 362 2262 aliis
388 2182 671 2286 deplorandum.
702 2183 917 2254 Universum
940 2198 1101 2255 ceterum
1127 2165 1313 2256 studiosae
1338 2185 1540 2283 juventutis
1567 2181 1758 2257 cohortem

282 2338 386 2436 qnod
411 2341 554 2429 attinet,
586 2359 763 2408 uumerus
790 2359 936 2425 eorum,
973 2331 1172 2433 qurvalde
1201 2337 1415 2410 imminutus
1440 2335 1577 2428 inerat,
1617 2333 1758 2434 aliquid

282 2491 498 2572 incrementi
523 2489 676 2585 accepit,
700 2487 902 2585 paucisque
936 2488 1096 2586 exceptis
1123 2514 1196 2564 non
1221 2503 1276 2560 est
1300 2512 1366 2560 cur
1392 2485 1626 2562 demonibus
1650 2491 1759 2586 ipso·

249 2678 252 2684 v
282 2667 365 2728 rum
392 2638 449 2713 vel
474 2637 653 2712 industria
680 2663 785 2710 secus
812 2638 1030 2728 existimem3
1071 2627 1185 2710 immo
1210 2636 1321 2737 longe
1348 2642 1526 2713 maximae
1552 2640 1646 2739 parti
1672 2635 1758 2711 me-

173 2801 176 2808 “
281 2793 391 2866 ritam
425 2791 620 2891 probitatis
655 2803 689 2864 et
723 2786 968 2862 verecundiae
1002 2787 1148 2862 laudem
1179 2815 1316 2890 negare
1351 2789 1454 2864 nefas
1486 2791 1598 2882 fouet,
1634 2814 1757 2888 neque

282 2943 486 3044 quidquam
513 2940 699 3018 ardentius
724 2957 833 3040 opto,
876 2966 988 3040 qoam
1023 2959 1062 3016 ut
1086 2946 1288 3016 successori
1315 2969 1466 3043 qnoque
1492 2967 1575 3014 meo
1600 2941 1755 3015 eandem

284 3122 396 3194 qnam
431 3095 522 3168 mihi
555 3094 786 3171 honestatem
822 3097 871 3172 ab
903 3099 1004 3171 omni
1022 3093 1200 3168 ,ludibrio
1227 3095 1453 3170 malarumve
1490 3097 1622 3169 artium
1649 3119 1758 3169 com-

281 3246 648 3322 munionealienarn
674 3249 940 3349 comprobent,
983 3246 1085 3349 quod
1112 3245 1326 3327 ut'faciant,
1367 3246 1439 3320 hoc
1475 3248 1605 3320 ultimo
1631 3249 1755 3344 magi-

281 3415 414 3510 stratus
438 3402 510 3472 mei
536 3399 657 3474 edicto
682 3427 745 3475 eos
772 3395 883 3502 qnam
909 3400 1178 3500 impensissime
1203 3397 1332 3472 hortor
1358 3417 1469 3498 atque
1496 3425 1639 3474 moneo.
1673 3404 1754 3474 Jam

280 3553 378 3624 eninr
404 3553 512 3626 instat
537 3549 617 3625 dies
644 3550 756 3651 hujus
783 3557 915 3627 mensis
940 3557 1008 3642 IX,
1049 3578 1124 3650 qno
1149 3551 1267 3662 fasces
1293 3551 1532 3634 Academiae,
1568 3579 1663 3650 qnos
1689 3578 1756 3651 per

279 3702 381 3776 hunc
407 3690 544 3775 annum
578 3707 695 3794 tenui,
735 3707 937 3777 successori
963 3707 1031 3776 rite
1057 3720 1179 3776 creato
1205 3721 1243 3775 et
1269 3730 1288 3777 a
1317 3707 1555 3777 Serenissirno
1582 3706 1755 3802 Principe

269 3850 323 3928 'oc
346 3856 508 3927 Domino
531 3871 657 3929 nostro
682 3855 920 3947 confirmato,
948 3858 1037 3930 Viro
1063 3859 1210 3929 Summe
1234 3856 1471 3947 Reverendo,
1506 3853 1705 3953 Magnifico

668 3995 1358 4154 annnrndnnnn,

773 4166 930 4248 ‘onnon
955 4201 990 4248 n.
1015 4199 1060 4248 nr
1085 4200 1117 4247 ι».
1141 4200 1173 4248 1³.
1191 4199 1225 4248 o.

277 4324 316 4396 in
342 4320 524 4397 auditorio
549 4320 769 4398 Academiae
796 4327 937 4422 majore
963 4323 1163 4400 traditurus
1188 4353 1288 4416 snm,
1328 4319 1436 4425 cujus
1462 4330 1556 4400 sacri
1583 4352 1754 4400 ceremo-

277 4477 347 4549 niis
374 4491 413 4547 ut
437 4476 646 4576 frequentes
665 4477 814 4566 adesse,
841 4505 899 4551 me
924 4477 1101 4576 iliumque
1127 4492 1273 4550 orantes
1299 4476 1447 4569 audire,
1473 4479 1646 4578 bonaque
1670 4495 1752 4552 vota
