4008 5286
937 551 1139 719 2241„-

300 839 378 918 uus
404 841 597 918 Venusinis
619 837 708 913 sutis
731 861 812 914 esse
836 834 1050 929 ridebatur,
1078 835 1184 938 quud
1213 833 1415 940 puerorum
1448 863 1599 916 suornm
1632 843 1784 918 institu-

215 989 217 993 ’
306 994 398 1069 tiuni
433 989 709 1100 impenderent3
743 989 845 1064 sulus
875 991 1016 1066 Horatii
1043 1006 1168 1090 pater,
1201 997 1372 1092 quamtis
1402 997 1503 1068 tenui
1536 1020 1577 1069 re
1610 993 1831 1096 familiari,
1948 979 1949 990 ἵ

170 1191 177 1202 ·
305 1160 491 1236 uteretur,
522 1168 596 1243 qua
624 1145 755 1216 merito
778 1146 944 1218 excusari
969 1158 1131 1244 poterat,
1156 1146 1187 1218 si
1203 1143 1387 1220 sumtibus
1410 1148 1449 1218 in
1467 1145 1554 1222 filio
1573 1145 1782 1223 erudiendo

306 1311 500 1396 parceret,
527 1294 700 1370 furtunae⁴
728 1296 910 1392 jacturam
943 1293 1065 1369 iacere
1098 1321 1212 1397 quam
1237 1319 1359 1374 mores
1383 1298 1652 1400 ingeniumque
1676 1299 1785 1400 pueri

306 1451 347 1522 in
373 1447 471 1523 illins
492 1445 571 1521 ludi
594 1446 756 1521 tenebris
782 1447 912 1548 perire*
928 1446 1075 1538 maluit,
1106 1448 1344 1547 futuramque
1368 1447 1460 1545 ejus
1477 1448 1634 1548 gloriam
1661 1453 1785 1525 animo

308 1603 544 1699 praesagiens
568 1602 618 1672 ita
643 1597 875 1699 disciplinam
901 1587 986 1701 ejus
1011 1603 1175 1692 institnit,
1199 1613 1239 1674 ut
1262 1598 1351 1674 olim
1375 1615 1413 1672 et
1436 1597 1603 1674 doctrina
1628 1618 1665 1675 et
1690 1627 1785 1701 pro-
1955 1581 1956 1586 Ἰ

309 1749 423 1826 bitate
447 1767 676 1826 summorum
702 1755 863 1826 virorum
889 1751 1134 1826 familiaritate
1159 1739 1294 1852 dignus
1319 1747 1521 1826 exsisteret.
1627 1752 1631 1760 ’
1743 1749 1747 1756 ’

293 2005 295 2010 Ι
406 1905 548 1999 Quibus
569 1902 750 1978 absolutis
775 1902 823 1977 ad
847 1901 1124 1978 antecedentem
1151 1928 1299 1980 versum
1322 1901 1555 1978 redeundum
1581 1921 1646 1998 est,
1672 1929 1785 2005 quem

309 2083 426 2157 quum
458 2061 537 2158 jam
571 2061 711 2132 certum
738 2054 906 2132 rideatur
937 2059 975 2130 in
1008 2057 1175 2154 sequenti
1207 2081 1282 2131 non
1316 2033 1397 2131 eam
1433 2059 1583 2134 tutelam
1609 2047 1786 2146 invenire,

307 2225 349 2284 ut
373 2235 509 2318 pueros
534 2212 572 2283 in
596 2209 712 2284 Flavii
744 2207 837 2283 ludu
855 2207 1065 2310 'quidquam
1098 2189 1271 2284 tractasse
1296 2201 1493 2310 appareat,
1525 2207 1630 2310 quod
1663 2207 1711 2282 ad
1734 2207 1789 2280 rei

309 2364 545 2461 pecuniariae
568 2361 731 2436 studium
752 2360 1113 2461 foeneratoriamque
1137 2355 1258 2436 artem
1279 2359 1494 2462 pertineret,
1532 2353 1575 2436 ea
1599 2355 1698 2436 certe
1722 2383 1789 2431 ra-

312 2516 430 2621 tione,
484 2537 580 2612 quae
621 2535 738 2610 quum
766 2487 914 2588 'ceteris
954 2513 1142 2614 plerisque
1173 2513 1435 2616 interpretibus
1468 2531 1544 2587 tum
1577 2513 1791 2613 nuperrime

311 2661 502 2739 Sclrmidio
527 2631 684 2764 placuit,
709 2661 858 2738 defendi
883 2665 1042 2766 arrrplius
1067 2693 1140 2740 non
1166 2644 1318 2768 poterit,
1344 2691 1466 2766 neque
1492 2667 1627 2765 opinor
1655 2663 1790 2738 nimiae
1912 2693 1917 2712 ¹

305 2817 523 2934 [temeritatis
548 2817 712 2890 accusari
737 2833 878 2915 posset,
910 2821 1051 2918 siquis
1076 2842 1158 2893 eum
1185 2816 1387 2894 secundum
1414 2787 1555 2909 omnia,
1591 2840 1691 2916 quae
1715 2812 1797 2888 ad-'

314 2949 387 3043 huc
404 2966 684 3067 disputavimus,
701 2966 770 3042 soli
786 2969 973 3068 Epistulae
992 2973 1075 3044 loco
1091 2969 1360 3071 reliquendum,
1383 2985 1510 3044 nostro
1526 2964 1791 3044 eliminandum

315 3138 488 3211 censeret,
515 3145 591 3219 quo
610 3120 708 3194 sacto
731 3117 823 3197 illud
848 3121 976 3196 saltem
994 3119 1234 3213 lucraremur,
1257 3139 1294 3197 ut
1315 3123 1351 3196 si
1370 3146 1492 3196 verant
1516 3138 1552 3194 et
1571 3124 1791 3196 concinnam

287 3329 290 3338 ·
315 3278 398 3376 ejus
413 3275 925 3372 interpretatiunem'invenire
941 3299 1015 3347 nun
1035 3277 1272 3376 contingeret,
1296 3271 1547 3348 afalsatamen
1566 3269 1601 3344 'et
1619 3261 1802 3372 perversan
1895 3357 1899 3364 .

314 3432 424 3504 tutius
449 3426 647 3499 sententiae
669 3391 925 3523 explicatione,
955 3452 1068 3525 quam
1085 3451 1130 3498 ex
1148 3425 1335 3525 Epistulae
1350 3428 1627 3525 comparatione
1646 3423 1792 3498 {luxisse

313 3579 494 3667 vidimus,
521 3579 586 3648 tuti
603 3567 844 3652 maneremus.
893 3581 982 3650 Nam
1003 3565 1107 3678 quod
1132 3575 1326 3650 scholiasta
1349 3605 1500 3678 quoque
1515 3570 1679 3651 Flavium
1710 3581 1792 3652 illis

314 3732 544 3830 temporibus
560 3731 836 3801 calculatorem
847 3727 958 3802 luisse
973 3745 1105 3818 enarrat,
1124 3729 1290 3827 proiecto
1301 3755 1373 3801 non
1389 3745 1522 3800 tantam
1538 3731 1609 3800 vim
1626 3726 1791 3816 habebit,

215 3907 221 3924 ⁸
314 3885 356 3962 utv
376 3887 475 3974 illius
500 3881 715 3954 homunculi
741 3882 875 3957 lamam
904 3884 1012 3956 etiant
1046 3879 1194 3954 aliunde
1219 3897 1363 3980 praeter
1389 3879 1487 3952 haenc
1511 3878 1795 3954 solamfiuratii

315 4031 702 4113 commemorationem
722 4034 768 4108 ad
786 4051 953 4134 posteros
972 4036 1182 4132 pervenisse
1200 4034 1468 4122 existimemus3
1492 4028 1593 4120 milri,
1620 4047 1658 4102 ut
1672 4029 1792 4103 dicam

315 4187 562 4285 quodsentiu
586 4184 678 4260 nihil
704 4184 933 4260 verisimilius
956 4202 1014 4259 cst
1036 4210 1149 4285 quam
1176 4184 1314 4260 bonum
1339 4190 1532 4276 Acronum,
1556 4186 1620 4283 qui
1646 4182 1794 4256 illorum

315 4335 506 4412 hominum
529 4361 610 4409 mos
629 4335 706 4427 luit,
732 4361 776 4409 ex
794 4337 908 4438 ipsius
925 4331 1072 4408 ‹lemum
1090 4335 1160 4410 loci
1178 4349 1305 4408 tenore
1322 4334 1461 4435 aliquid
1484 4333 1672 4432 collegisse
1690 4327 1795 4426 qurud

316 4485 505 4587 discipulis
523 4505 584 4562 aut
600 4489 800 4564 lectoribus
825 4513 895 4588 pro
920 4504 1018 4562 certa
1043 4488 1169 4563 notitia
1195 4483 1408 4578 venditaret,
1434 4487 1533 4561 unde
1558 4485 1633 4559 huc
1656 4496 1797 4560 tantum
