4008 5286
924 658 1123 689 m*

281 809 485 910 spicmu'em
502 819 600 882 certe
620 805 708 882 oriri
725 811 1014 880 consentaneum
1035 805 1094 895 sit,
1107 828 1167 878 ne
1191 797 1368 907 enneae
1390 810 1430 884 in
1454 834 1530 884 uno
1555 823 1694 885 tantum
1719 827 1764 886 ex

282 959 431 1036 duobus
456 958 540 1066 ioco
565 955 661 1050 adeo
684 983 768 1032 cura
792 955 946 1056 reliquis
969 953 1180 1047 coaluerint,
1203 972 1244 1030 ut
1267 949 1373 1034 salvo
1393 985 1504 1036 seusu
1528 961 1763 1041 indedirelli

221 1183 224 1188 .
281 1080 478 1214 nequeant,
502 1112 541 1184 in
554 1109 693 1202 altero,
715 1107 782 1184 ubi
797 1109 1081 1222 invenientem
1105 1125 1312 1186 corrodere
1337 1111 1502 1212 quodum
1528 1113 1663 1190 callido
1686 1141 1764 1224 po-

281 1268 354 1342 tius
378 1289 492 1365 quum
517 1259 564 1336 ab
589 1261 673 1359 ipsc
696 1263 805 1359 podtr
822 1255 970 1358 praeter
991 1263 1171 1336 tutionem
1195 1277 1232 1335 et
1254 1269 1508 1340 necessitatem
1535 1265 1661 1342 addita
1680 1271 1763 1362 sinn

280 1414 377 1494 hncc
385 1411 564 1512 exempla,
588 1409 981 1510 quibusHeindarfius,
992 1409 1220 1503 Schmidius,
1238 1413 1425 1491 Obbarius
1443 1416 1501 1492 cd·
1513 1417 1761 1494 excusandum

282 1593 319 1645 r.
344 1566 392 1646 74
414 1567 642 1640 iterationem
668 1565 726 1638 usi
748 1579 851 1655 sunt,
876 1567 989 1664 paula
1015 1573 1224 1646 accuratius
1244 1577 1527 1673 persequemur,
1552 1573 1656 1663 riu-si
1680 1567 1763 1646 fieri

283 1721 418 1820 possit,
442 1732 569 1822 eorum
583 1711 808 1794 'anctoritate
833 1697 978 1792 sufflata
1001 1720 1040 1792 iu
1066 1737 1192 1797 nostro
1216 1742 1377 1823 qunque
1394 1721 1479 1798 loco
1496 1721 1653 1796 duarum
1673 1736 1762 1796 tcu-

150 1928 154 1940 χ
283 1886 359 1946 tum
386 1871 526 1946 viarum
552 1870 655 1970 optio
671 1882 880 1970 remaneat,
904 1885 945 1944 ut
969 1886 1031 1945 uat
1055 1873 1252 1948 insiticium
1277 1889 1444 1975 pannum
1469 1876 1671 1974 ejiciamus,
1697 1879 1761 1947 out
1835 1885 1838 1890 '

281 2046 430 2100 causum
468 2021 632 2122 aliquam
671 2019 909 2122 indagemus,
951 2041 1182 2125 quapropter
1216 2027 1352 2122 verba,
1386 2051 1483 2126 quae
1516 2029 1557 2101 iu
1591 2024 1761 2125 Epistola
1817 2083 1820 2090 ⁴

279 2173 431 2250 demum
463 2192 564 2250 recte
594 2177 766 2276 usurpari
790 2171 961 2248 videntur
975 2227 986 2266 ,
1017 2177 1095 2274 jam
1129 2180 1176 2250 in¹
1200 2181 1319 2254 Satira
1344 2182 1465 2280 posita
1483 2175 1652 2276 'indeque
1676 2191 1761 2276 post

280 2341 339 2420 tot
372 2352 555 2402 annorum
579 2325 836 2401 interuallum
874 2327 914 2400 in
949 2298 1155 2426 Epistoium
1196 2330 1370 2405 translata
1416 2355 1497 2406 esse
1536 2353 1760 2410 censatum.

281 2479 328 2550 Et
351 2477 391 2550 in
413 2479 530 2576 Epist.
553 2487 589 2569 1,
612 2481 636 2552 6
660 2477 833 2574 equidem
859 2478 1075 2555 uixdubito
1101 2483 1191 2581 quin
1216 2483 1353 2558 verba:
1523 2447 1533 2462 ι
1754 2465 1757 2470 ’

474 2629 522 2702 at·
546 2629 654 2701 team
681 2643 754 2702 cut
774 2619 886 2702 renes
906 2633 1035 2705 morde
1059 2647 1260 2724 tenuantur·
1285 2649 1404 2709 acuto·
1438 2671 1440 2678 ·

279 2781 328 2857 ab
354 2805 400 2856 eo
425 2781 494 2880 qui
524 2779 667 2878 primus
696 2801 740 2854 ca
770 2781 957 2856 inferserit
988 2809 1072 2858 cum
1106 2777 1407 2870 antecedentibus
1440 2788 1568 2888 junctu
1592 2777 1760 2859 ‘tuerinte

325 2977 326 2980 =
352 2988 355 2993 -
444 2967 447 2972 ·
470 2935 539 3006 Ire
556 2946 692 3004 ,tarnem
716 2947 843 3008 restat
868 2939 1000 3008 Numa
1024 2937 1100 3032 quo
1120 2937 1273 3012 deuenit
1296 2953 1335 3014 et
1358 2942 1507 3028 Ancus,

282 3109 358 3182 qno
380 3083 478 3164 facto
501 3087 693 3184 sequentia
729 3083 1029 3184 quaerefiapnm
1055 3090 1177 3168 morht
1202 3113 1285 3164 eum
1308 3114 1456 3167 sensnm
1481 3091 1622 3164 habere
1646 3087 1760 3163 rided

200 3341 203 3348 .
280 3233 437 3329 bantur,
460 3211 500 3310 ut
524 3236 640 3312 humo
663 3236 860 3338 juberetur
881 3243 1052 3313 uirtutem
1076 3265 1273 3340 quaerere,
1295 3269 1367 3342 qua
1395 3242 1471 3317 sois
1498 3265 1628 3315 omnes
1652 3259 1759 3315 mana

279 3385 417 3462 borum
438 3413 544 3462 cesus
561 3406 597 3462 et
613 3392 708 3464 vitae
724 3387 908 3466 humanae
925 3391 1162 3491 fragilitatem·
1174 3417 1349 3494 superare
1365 3412 1508 3495 possct3
1525 3372 1759 3493 quodquam

171 3537 175 3548 '
276 3537 495 3638 languidum
506 3555 544 3611 et
559 3557 723 3614 coactum
733 3521 790 3636 sit,
802 3547 862 3619 vix
874 3544 1043 3644 pluribus
1060 3571 1245 3646 exponere
1263 3549 1408 3638 attinet;
1429 3571 1495 3620 uec
1508 3519 1628 3618 tamen
1642 3542 1760 3617 altera

276 3693 339 3767 illa
357 3696 463 3782 ratio,
488 3717 598 3790 quam
615 3696 839 3774 recentiores
856 3699 1013 3798 amplexi
1031 3717 1132 3794 sunt,
1147 3715 1188 3772 ut
1202 3701 1320 3799 ipsam
1336 3699 1565 3797 sequentium
1591 3696 1755 3794 protasin
1809 3751 1811 3753 -

276 3849 314 3919 in
339 3844 411 3918 illis
435 3843 558 3917 verbis
581 3839 758 3938 contineri
776 3865 984 3942 censerent,
1008 3849 1067 3924 vel
1090 3852 1124 3924 ei
1143 3849 1352 3924 satisfacere
1372 3875 1483 3947 posse
1501 3845 1664 3936 videtur,
1689 3846 1754 3940 qui

278 3999 399 4073 locum
418 4022 486 4097 per
510 4022 552 4108 se
574 3996 693 4069 scium
711 4012 867 4106 spectet,
888 3998 1031 4074 'nedum
1056 4003 1091 4076 ei
1116 4005 1180 4102 qui
1209 4025 1352 4076 versum
1379 3996 1466 4073 alibi
1491 4002 1614 4099 potius
1639 3997 1774 4096 quam

246 4147 341 4225 *hie
363 4152 467 4250 quasi
494 4146 720 4224 domicilium
746 4145 854 4224 suum
876 4149 1016 4229 habere
1038 4158 1145 4246 sciat,
1170 4170 1209 4227 ut
1232 4156 1394 4230 omittam
1417 4177 1501 4228 eam
1526 4129 1759 4252 seutentiam,

267 4325 389 4400 ‚quam
414 4296 489 4376 illic
514 4325 670 4402 praese
695 4283 807 4392 ferat,
844 4300 892 4374 ab
927 4302 1111 4380 hocloco
1137 4331 1288 4406 prorsus
1322 4303 1477 4378 alienam
1513 4267 1609 4390 esse,
1649 4300 1761 4398 ‹paud-

244 4454 308 4530 ‘si
335 4449 415 4546 fiat,
449 4477 494 4528 ne
526 4453 713 4532 Obbarius
750 4452 902 4554 quidem
936 4459 1188 4558 repetitionem
1223 4475 1321 4538 recte
1346 4457 1426 4532 fieri
1458 4476 1567 4553 posse
1594 4477 1751 4526 conces-
