4008 5286
779 616 785 622 .
910 536 988 634 38

758 651 760 656 '
840 657 1043 684 ἰι-ι--Ἶ
1117 669 1119 674 .

198 782 396 878 obmmissa
421 811 494 888 est,
519 794 684 878 omnium
710 807 832 870 eutem
847 792 1036 888 *maximas
1060 815 1148 894 spes
1170 789 1285 871 uobis
1309 795 1477 872 excitavit
1497 789 1683 872 o'tlventob

161 1056 164 1060 ¹
198 953 276 1032 Viri
302 950 584 1032 Generosissimi
605 962 728 1045 ,atque
752 944 1055 1022 Excellentissimi
1079 947 1122 1023 1..
1147 947 1186 1020 B.
1211 941 1267 1022 de
1290 947 1538 1036 Hanstein,
1570 950 1682 1024 Sere·
1789 927 1791 933 Α

199 1083 340 1180 nissimi
365 1102 544 1200 Principis
576 1100 621 1174 io¹
650 1095 762 1172 rebus
794 1100 945 1200 internis
982 1065 1292 1174 edrninistrandis
1316 1100 1470 1176 ministri
1496 1114 1532 1174 et
1552 1101 1706 1176 roasi-a.

198 1257 293 1336 ilarii
318 1254 494 1354 primarii,
516 1249 581 1347 qui
607 1272 722 1345 quum
748 1255 870 1324 omnia
904 1275 1028 1324 eoram
1054 1252 1252 1350 inspexerit
1285 1248 1576 1350 solitaque'cum
1600 1246 1680 1322 bu-·

201 1409 379 1486 monitate
404 1428 447 1482 eo
470 1397 728 1479 benevolentia
753 1404 887 1476 uostris
911 1400 1119 1476 commodis
1150 1428 1191 1476 se
1223 1418 1507 1500 prospectorum
1535 1399 1684 1501 signifi-e
1731 1481 1742 1504 Ν,

110 1537 114 1552 .
201 1562 301 1652 caris,
325 1553 545 1630 confidimus
570 1551 661 1642 lore,
686 1568 725 1628 ut
744 1577 839 1650 quae
863 1544 970 1630 eliam
990 1579 1090 1629 *nunc
1113 1552 1279 1648 facienda
1305 1570 1446 1630 restant
1464 1551 1683 1656 propediem

201 1737 246 1787 ex
271 1709 448 1786 sententia
476 1705 737 1794 absolventur,
758 1705 1020 1802 institutaque,
1037 1731 1134 1804 quae
1157 1723 1193 1780 et
1216 1733 1338 1782 rerum
1364 1707 1472 1806 copia
1498 1722 1533 1780 et
1558 1671 1685 1782 dir'ec-

202 1881 321 1940 torum
356 1835 490 1934 ardbre
525 1884 567 1934 ac
599 1857 730 1956 peritia
767 1852 856 1930 nulli
890 1855 999 1930 simili
1023 1856 1175 1950 cedant,
1214 1857 1380 1934 aedilicia
1410 1841 1559 1958 quoque
1585 1874 1710 1932 tauta*

203 2013 425 2116 praestantia
446 2011 559 2108 digna
584 2009 848 2084 nanciscamur.
886 2007 1137 2112 Professorunr
1162 2015 1199 2084 iu
1225 2011 1392 2086 ordinem
1418 2009 1492 2084 hoc
1518 2012 1599 2108 ipso
1619 1989 1686 2088 'dte

203 2167 363 2244 libenter
398 2160 756 2268 recepimusVirum
788 2161 936 2233 Summe
958 2162 1217 2238 Reverendum
1242 2162 1546 2238 Fridericom
1574 2137 1701 2254 Gai-a,

203 2316 422 2394 lielmum
454 2313 709 2424 Rettberg,
752 2309 845 2384 Plul.
869 2327 905 2384 et
938 2311 1068 2388 Theol.
1091 2311 1300 2389 ¹Ductorem
1335 2329 1369 2387 et
1403 2319 1439 2388 Ρ.
1474 2318 1585 2400 Ρ.,Ο.
1619 2315 1685 2412 qui

205 2472 379 2566 Gottiuga
413 2464 487 2540 hac
519 2480 671 2540 vocatus
704 2489 783 2538 eam
819 2461 988 2538 lacunam
1022 2463 1202 2562 explebit,
1229 2485 1346 2565 ¹quae
1380 2464 1694 2554 Beckhausio¹

205 2627 251 2698 V.
277 2625 313 2696 S.
339 2625 381 2694 tt.
406 2617 454 2692 od
479 2620 593 2692 otium
620 2617 899 2713 septuagenario
925 2613 1091 2690 debitum
1117 2616 1290 2690 translato
1323 2634 1400 2690 orta
1428 2635 1521 2709 ere·t;
1562 2634 1688 2694 extra·

206 2773 481 2852 ordinariorum
507 2795 550 2842 ex
575 2793 730 2842 ntrmero
752 2763 916 2843 discessit
941 2771 974 2842 J.
995 2777 1035 2842 A.
1061 2771 1108 2842 Μ.
1132 2767 1389 2860 Albrecht,
1420 2771 1450 2842 J.
1477 2771 1516 2842 U.
1542 2772 1587 2844 D.
1612 2773 1715 2842 Ele-¹

205 2925 356 3024 leugam
401 2924 439 2996 in
480 2893 647 3020 patriam·
670 2917 796 2994 ¹redire
839 2920 985 3017 jussos,
1029 2934 1261 2996 accesserunt
1297 2921 1361 2994 Vir
1392 2919 1689 3014 Consultissimus
1728 2925 1731 2942 '

107 3153 109 3160 ,
188 3069 662 3154 'ConradusBiichel
689 3074 720 3146 J.
745 3073 786 3146 U.
810 3073 855 3142 D.
877 3095 987 3170 quem
1015 3068 1157 3144 dudum
1191 3070 1289 3146 bene
1314 3071 1361 3146 de
1395 3070 1467 3145 hac
1491 3070 1688 3151 Academia
1777 3056 1780 3062 ¹
1870 3159 1873 3169 ¹

92 3260 96 3266 ¹
209 3232 377 3308 meritum
407 3223 553 3300 taudem
575 3222 744 3298 laborum
771 3249 921 3298 suorum
955 3219 1160 3322 praemium
1185 3224 1371 3322 accepisse
1395 3222 1593 3312 laetamur,
1619 3195 1689 3300 Vi·
1736 3289 1741 3298 ,

208 3384 316 3478 rique
340 3379 539 3454 Clarissimi
565 3372 1148 3472 CarolosWinckelbleclt
1174 3391 1209 3448 et
1235 3375 1442 3450 Carolus
1467 3374 1694 3474 Theodo-¹

209 3556 289 3638 rus
324 3533 382 3602 Ba
394 3526 622 3626 yrhofser
655 3528 915 3628 Philosophiae
947 3529 1148 3620 Doctores,
1195 3553 1355 3619 quorum
1389 3527 1493 3602 alteri
1527 3527 1690 3619 chemin,

211 3683 320 3762 alteri
345 3684 424 3782 ipsa
450 3669 690 3775 Philosophia
725 3677 904 3753 tradenda
931 3677 1101 3757 mandata
1125 3694 1198 3771 est;
1236 3681 1407 3779 privatim
1433 3679 1568 3758 docere
1600 3705 1692 3758 coe-

90 3835 96 3847 '
209 3850 348 3936 parunt
371 3833 573 3907 Carolus
600 3831 862 3929 Steroherp
885 3835 917 3906 J.
941 3834 982 3906 U.
1007 3833 1051 3904 D.
1075 3848 1109 3904 et
1134 3833 1174 3905 in
1205 3829 1517 3932 tribunaliquod
1550 3837 1589 3908 in
1620 3833 1692 3909 hac

211 3983 305 4059 urbe
344 3984 451 4060 floret
488 3985 680 4084 superiori·
717 4007 907 4060 causarum
951 3941 1186 4084 procurator,
1227 3997 1263 4056 et
1300 3960 1693 4094 Carolus'Julius
1796 3985 1800 3997 ’

212 4140 402 4222 Caesar,
428 4133 562 4208 Philus.
581 4139 625 4210 D.
643 4138 708 4234 qui
725 4138 895 4236 antiquas
912 4136 1035 4212 literas
1050 4135 1121 4210 sibi
1140 4131 1367 4234 profitendus
1386 4125 1540 4212 sumsit.
1573 4142 1692 4214 Morte

182 4304 185 4310 '
212 4289 402 4364 atatisimus
427 4288 543 4361 virum
571 4290 828 4386 gravissimum
853 4303 889 4362 et
928 4288 1202 4388 integerrimum
1228 4291 1257 4362 F
1267 4287 1521 4362 ridertcum
1547 4278 1692 4390 Sang-

120 4537 123 4544 .
213 4442 429 4532 meister,
463 4438 684 4516 Acatdemiae
709 4445 978 4535 Oeconomum,
1020 4439 1085 4539 qui
1118 4439 1249 4539 paucis
1273 4440 1462 4517 mensibus
1496 4459 1691 4545 postquam
