4008 5286
915 471 1111 672 ἐς,

271 798 357 886 erit,
391 808 430 867 ut
463 793 557 866 inter
580 785 783 867 Heindorfii
810 785 846 868 et
869 791 1043 866 Lambini
1067 793 1263 866 sententias
1288 790 1469 892 judicium
1494 796 1657 871 ieramus
1683 814 1747 872 aut

244 945 319 1022 «de
346 939 395 1020 en
415 944 658 1044 disputemus,
683 961 804 1019 unum
832 947 959 1020 idibus
984 969 1056 1044 pra
1078 944 1204 1025 dativa
1226 970 1273 1019 an
1301 945 1462 1022 ablativo
1487 973 1572 1023 casu
1593 947 1745 1023 baben-

264 1099 359 1173 dum
386 1105 448 1188 sit,
488 1089 553 1171 sed
578 1118 612 1175 et
636 1098 684 1190 de
710 1100 822 1172 totius
854 1098 1161 1198 interpretationis
1192 1068 1433 1172 fundamento
1464 1112 1501 1173 ct
1534 1097 1582 1174 de
1612 1103 1745 1178 veteris

269 1254 369 1339 illius
393 1255 588 1330 testimonii
615 1250 874 1352 probabilitate
908 1252 1113 1340 accuratius
1145 1219 1386 1345 quaeremus,
1425 1253 1548 1350 ipsum
1584 1250 1745 1353 denique

153 1449 157 1460 ·
212 1375 214 1382 Ι
267 1395 410 1488 Horatii
435 1409 472 1480 in
497 1408 555 1481 his
580 1406 704 1481 verbis
729 1389 935 1478 scribendis
952 1400 1159 1474 'consilium
1185 1424 1230 1473 ex
1254 1404 1426 1476 universo
1460 1408 1661 1522 sententiae
1685 1422 1747 1481 te·
1841 1451 1876 1522 .'

267 1581 362 1633 nore
387 1541 577 1656 diligenter
602 1573 793 1644 eruemus,
834 1577 881 1626 ne
906 1555 938 1626 si
962 1551 1009 1624 de
1035 1567 1189 1651 quaestu
1214 1551 1385 1626 faciendo
1417 1569 1454 1628 et
1484 1557 1538 1630 'rei
1562 1559 1746 1656 pecunia·

271 1713 348 1784 riae
373 1709 565 1812 disciplina
592 1735 638 1783 ne
663 1713 842 1808 cogitasse
867 1703 1020 1804 quidem
1045 1705 1273 1795 inveniatur,
1293 1719 1357 1777 aut
1383 1705 1631 1785 antecedentis
1654 1735 1745 1784 ver*-

270 1883 331 1938 sus
356 1847 468 1936 fidem
494 1889 606 1962 prava
633 1859 820 1962 sequentis
845 1856 1086 1955 explicatione
1114 1871 1282 1930 tueamur
1305 1872 1369 1932 aut
1391 1860 1507 1958 ipsius
1532 1837 1746 1938 auctoritate

269 2013 317 2089 ad
343 2031 556 2114 sequentem
583 2037 778 2114 perperam
804 2008 1081 2111 intelligendum
1108 2008 1315 2083 abutamur.
1350 2013 1471 2085 Unum
1503 2011 1607 2106 illud,
1634 2030 1744 2088 ante·
1830 2054 1833 2069 ι

263 2191 378 2266 'quam
405 2166 503 2241 hanc
528 2165 812 2264 disputationem
839 2161 1119 2262 aggrediamur,
1155 2163 1215 2238 vel
1244 2162 1333 2236 solis
1357 2166 1516 2237 externis
1541 2160 1744 2268 argument)-

266 2323 313 2391 tis
344 2317 492 2393 decerni
517 2343 625 2418 posse
658 2315 825 2404 videtur,
866 2338 967 2388 num*
982 2316 1133 2388 omnino
1156 2312 1354 2387 verisimile
1378 2317 1424 2389 sit
1448 2319 1638 2390 Horatium
1665 2334 1745 2393 ter*

261 2470 452 2542 'sissimum
478 2475 625 2566 pnitam
651 2495 693 2542 ea
718 2467 776 2542 vel
801 2463 1021 2566 negligentia
1044 2466 1104 2539 vel
1128 2468 1265 2565 ingenii
1288 2469 1417 2567 iuopia
1439 2467 1562 2560 inisse,
1582 2486 1621 2542 ut
1646 2495 1744 2543 eun-

268 2617 353 2692 dem
381 2642 547 2711 versum,
584 2622 649 2718 qni
683 2618 740 2692 vel
775 2644 848 2691 uno
883 2616 966 2691 loco
998 2621 1201 2691 ornamenti
1235 2621 1359 2717 potius
1384 2619 1544 2718 speciem
1577 2646 1670 2721 prae·
1703 2647 1743 2695 se

263 2769 381 2862 ierat,
417 2769 477 2844 bis
512 2774 715 2871 usurparit3
760 2768 861 2869 quod
893 2768 978 2842 licet
1003 2795 1023 2841 a
1048 2772 1305 2844 recentissimis
1330 2769 1534 2846 editoribus
1566 2787 1601 2844 et
1625 2774 1743 2872 ipsius

261 2931 302 2992 ‘et
327 2922 481 2995 aliorum
509 2927 701 3022 poetarum
727 2919 903 3021 exemplis
929 2923 1105 3022 acerrime
1127 2921 1349 3008 vindicatum
1377 2926 1440 3013 sit,
1465 2939 1585 2997 tamen
1612 2924 1659 2998 dc
1684 2923 1743 3001 his
1860 2939 1864 2944 '

269 3095 418 3172 quoque
443 3075 599 3148 eandem
625 3077 875 3174 quaestionem
902 3075 1041 3146 moveri
1066 3098 1174 3174 posse
1199 3089 1370 3173 apparet,
1398 3090 1511 3174 utque
1541 3076 1742 3152 concedam

268 3248 348 3296 esse
378 3226 470 3300 inter
502 3254 565 3318 ea,
600 3252 759 3327 quornm
793 3227 988 3301 auctoritas
1012 3241 1115 3299 extra
1149 3250 1295 3298 omnem
1323 3225 1587 3300 dubitationem
1622 3233 1741 3326 posita

263 3377 332 3466 sit,
364 3377 402 3447 in
427 3378 577 3451 alteram
604 3382 854 3479 quaestionem
880 3377 1089 3469 incidimus,
1112 3387 1200 3485 num
1226 3375 1377 3451 eaedem
1404 3401 1545 3470 causae,
1571 3403 1664 3474 quae
1689 3379 1741 3452 il-

264 3525 558 3606 lisexcusandis
583 3531 784 3620 sufficiant,
822 3532 859 3602 in
887 3498 1051 3604 nostrum
1078 3529 1199 3606 locum
1226 3528 1365 3606 cadant
1398 3544 1574 3629 tantoque
1600 3543 1742 3634 majore

262 3685 302 3755 in
330 3678 402 3753 hac
427 3705 467 3753 re
493 3679 733 3779 dijudicanda
767 3684 934 3756 cautione
971 3707 1065 3781 opus
1095 3697 1167 3775 est,
1205 3707 1282 3780 qno
1315 3681 1449 3755 clarius
1480 3684 1579 3756 viros
1612 3682 1741 3757 doctos

163 3833 184 3854 ”
264 3832 338 3910 hoc
363 3835 445 3932 ipso
470 3833 506 3904 in
532 3857 667 3950 genuere
692 3819 939 3928 diuersissima
965 3837 1060 3908 inter
1091 3859 1130 3907 se
1157 3835 1342 3906 miscuisse
1370 3832 1546 3906 videmus.
1583 3836 1676 3925 'Sic,
1701 3852 1742 3908 ut

263 3983 337 4059 hac
362 4000 517 4077 utamur,
539 3988 621 4084 quis
646 3983 770 4058 credat
796 3982 1000 4092 Obbarium
1021 3990 1115 4058 inter
1139 4008 1202 4056 eos
1227 3981 1339 4076 locos,
1366 3983 1430 4056 ubi
1455 3983 1630 4085 Horatius„
1651 4015 1741 4064 ver-

266 4161 329 4210 sus
359 4161 446 4211 suos
482 4153 652 4236 repetere
682 4161 757 4210 non
791 4134 984 4227 dubitarit,
1005 4140 1128 4210 etiam
1161 4139 1231 4208 Sat.
1256 4141 1281 4208 1.
1306 4135 1340 4210 4.
1366 4138 1413 4209 92
1450 4136 1636 4230 retulisse,
1677 4142 1742 4217 ubi

265 4288 425 4386 priorem
451 4291 605 4364 Satiram
638 4290 838 4389 respiciens
871 4283 956 4362 data
991 4313 1104 4388 opera
1138 4313 1180 4365 se
1215 4304 1383 4379 excusat,
1408 4261 1532 4387 ¹quod
1562 4296 1587 4363 1.
1618 4301 1652 4368 2.
1692 4297 1741 4368 27

265 4437 423 4512 dixerit:

1342 4584 1366 4651 2
1394 4581 1407 4620 ,·
