4116 5288
938 593 1012 683 oi

842 732 845 740 ,
875 707 1070 731 m

235 852 298 928 itta
328 851 514 953 explicare
534 855 778 948 cogeremur,
807 823 1105 956 ndueflisuiiiime
1129 843 1179 922 itu'
1198 846 1412 949 expeditur,
1433 862 1511 940 vnt,
1544 847 1717 945 quamvis
1769 905 1771 910 ,

235 967 527 1104 proprium¹sibi
549 1001 672 1076 iocum
706 1005 836 1076 versus
867 997 930 1074 itte
960 1000 1000 1072 in
1023 997 1188 1099 Epistola
1222 1015 1409 1088 tuentum!
1427 1023 1552 1100 veram
1586 1009 1713 1071 tamen

236 1131 446 1256 septenam
471 1155 591 1230 lucent
620 1177 665 1228 ex
689 1155 829 1230 satirae
846 1152 1002 1252 demum
1018 1149 1283 1225 ¹recordatione
1309 1153 1475 1252 accipiat.
1505 1195 1508 1200 ·
1633 1243 1636 1248 Ι
1701 1185 1703 1190 ·

257 1351 260 1356 ·
335 1305 407 1382 Sed
433 1305 506 1384 hoc
537 1305 688 1406 quidem
715 1304 878 1406 ¹emplius
899 1306 1077 1406 persequi
1109 1329 1209 1378 nunc
1241 1329 1317 1378 non
1339 1322 1465 1393 vacat,
1507 1305 1540 1379 si
1565 1295 1717 1404 quidem

237 1457 288 1537 ad
314 1456 408 1532 iilud
432 1481 502 1531 nos
521 1459 685 1532 converti
717 1471 882 1560 oportet,
907 1453 1012 1556 qnod
1028 1457 1102 1529 *toti
1126 1453 1215 1530 huic
1236 1458 1428 1556 'scriptioni
1453 1481 1580 1530 ansam
1607 1427 1720 1546 dedit,

237 1628 279 1686 ut
302 1634 399 1710 quae
413 1609 597 1710 prr-buno
618 1635 767 1703 annum,
792 1635 869 1710 quo
892 1627 1076 1683 summum
1086 1608 1582 1708 Academiaemagtstrarum
1609 1606 1718 1704 gessi,

239 1777 445 1836 memoratu
471 1759 584 1862 digna
611 1760 843 1854 acciderint,
874 1785 1062 1842 enarrem,
1096 1760 1336 1860 debitamque
1363 1763 1545 1859 Supremo
1570 1757 1720 1830 Numini

175 1885 179 1892 ”
238 1913 528 1998 testificationem
549 1915 719 1990 omnium
744 1910 1009 1987 beneficiorum
1034 1909 1213 2002 reddam,
1245 1936 1343 2012 quae
1376 1913 1459 2010 ejus
1493 1912 1626 1984 virtute
1650 1931 1719 2007 per

115 2139 117 2144 ,
236 2065 313 2142 boc
338 2089 489 2168 quoquc
514 2080 660 2165 tempus
683 2067 721 2138 iu
747 2085 807 2136 me
830 2060 1141 2164 Academiamqne
1165 2081 1326 2140 nostrum
1358 2062 1626 2139 redundarunt.
1650 2095 1653 2102 ¹
1676 2066 1723 2132 Et

239 2217 304 2293 bic
334 2219 496 2318 primum
528 2213 681 2314 quidem
713 2241 788 2288 oon
821 2215 900 2290 sine
932 2216 1090 2291 maxima
1119 2217 1363 2317 gratulatione
1397 2209 1722 2290 commemoranda

241 2386 297 2446 est
329 2369 632 2443 serenissimi
663 2353 903 2468 Principis
927 2389 991 2442 'oc
1022 2361 1211 2444 Domini
1244 2372 1402 2444 nostri
1437 2367 1725 2440 Clementis-

241 2522 348 2599 simi
363 2517 584 2618 benignitus,
602 2543 679 2617 quo
697 2523 847 2620 auspice
866 2545 982 2619 quum
1001 2522 1153 2596 omnino
1171 2547 1232 2597 res
1250 2537 1396 2595 nostrae
1414 2517 1544 2593 firmae
1562 2533 1597 2594 et
1614 2521 1725 2590 iuco-

242 2673 362 2748 lnmes
386 2684 585 2761 steterunt,
614 2685 692 2742 tum
717 2674 899 2772 imprimis
923 2697 1007 2745 cum
1033 2675 1120 2747 viris
1144 2672 1431 2766 honestissimis,
1455 2675 1523 2772 qui
1547 2635 1731 2761 Cassclias,

235 2823 301 2902 od·
317 2823 509 2900 consilium
535 2819 727 2923 publicum
752 2821 1010 2917 convenerint,
1035 2827 1083 2900 ita
1109 2817 1229 2900 aetum
1255 2842 1329 2918 est,
1363 2841 1403 2900 ut
1428 2823 1565 2924 opibus
1589 2821 1724 2894 nostris

179 2980 188 3004 “
240 2979 435 3076 insigniter
457 2977 573 3051 auctis
601 2979 637 3050 e't
659 2977 815 3053 aliorum
834 2979 1083 3088 institutorum
1110 2975 1302 3052 desideriis
1320 2977 1479 3080 >largiter
1503 2974 1724 3048 subventum

245 3133 292 3206 sit
315 3145 351 3202 et
376 3127 606 3204 bibliotheca·
629 3096 858 3222 academica,
888 3143 1086 3204 commone
1106 3132 1276 3204 ninnium
1304 3129 1581 3228 disciplinarum
1607 3123 1724 3223 adju-

245 3279 521 3372 mentumtere
545 3279 660 3359 altero
682 3297 786 3356 tanto
807 3279 968 3382 amplius
994 3297 1240 3380 quamantea
1264 3281 1398 3355 habuit
1422 3279 1624 3378 receperit,
1656 3299 1726 3348 nec
1790 3379 1793 3386 ι

246 3435 441 3531 magistros
466 3431 562 3506 bene
597 3435 745 3508 meritos
778 3432 1040 3536 remunerandi
1064 3437 1171 3535 copia
1196 3433 1309 3524 desit,
1344 3456 1422 3532 quo
1454 3433 1491 3503 in
1525 3453 1659 3529 genere
1692 3443 1728 3502 et

248 3581 356 3656 vott
366 3582 557 3684 graffio,
584 3587 672 3658 Viro
690 3585 948 3678 lttusntssimo,
973 3585 1197 3686 stipendium
1224 3602 1370 3660 anctum
1393 3547 1451 3656 est
1476 3599 1511 3656 et
1528 3583 1728 3657 Carolus

247 3731 552 3812 Reinhardus
576 3735 848 3829 trutinavit·
864 3738 1106 3832 Clarissimus,
1131 3740 1197 3838 qui
1216 3739 1355 3812 nntium
1382 3735 1505 3810 adhuc
1524 3749 1727 3834 acceperat,

249 3903 389 3964 certum
423 3888 600 3994 iuvenit-
643 3893 770 3987 Neque
800 3887 891 3963 ittud
927 3888 1070 3964 silentio
1102 3887 1591 3990 praetermittendum-est,'
1625 3885 1728 3984 quod
1810 3953 1814 3960 .

247 4043 337 4116 Viro
364 4039 601 4137 impiissimo
624 4045 692 4116 Fr.
718 4047 759 4118 E.
786 4041 1012 4152 Mollero,
1036 4043 1100 4141 qui
1126 4045 1204 4144 jam
1231 4067 1300 4142 per
1327 4040 1461 4113 multos
1488 4065 1604 4112 annos
1630 4047 1730 4112 Acu-

252 4191 395 4268 derniae
418 4207 566 4274 nostram
590 4187 771 4264 reditibus
803 4190 976 4292 regendis
996 4195 1078 4267 cum
1103 4219 1247 4270 summa
1273 4191 1461 4290 diiigentia
1491 4207 1525 4264 et
1551 4195 1730 4292 gravitate

240 4360 408 4446 praeest,
423 4341 649 4442 reliquarum
671 4367 823 4442 quoquc
847 4347 1137 4446 rerum-quibus
1154 4345 1203 4418 ob
1221 4345 1494 4444 Angustissimis
1512 4346 1730 4416 Germaniae

251 4496 485 4598 Principibus
511 4501 774 4596 procuratores
797 4496 833 4572 iu
859 4495 1067 4574 Academiis
1090 4499 1219 4598 patriis
1245 4498 1416 4578 constitui
1440 4493 1569 4586 solent,
1595 4499 1735 4570 curatio
1865 4586 1868 4594 Ι
