4008 5286
847 577 1070 728 ’.ι-ο...

239 841 490 936 auctoritatem
515 843 825 946 repudiaruntin
849 825 1009 947 euinque
1040 871 1081 922 se
1112 849 1341 930 sententiam*
1359 861 1636 939 converterunt,
1674 851 1716 924 ut

239 993 408 1071 Flavium
433 996 698 1077 arbitrarentur
721 996 912 1100 discipulis
927 1001 1003 1083 suis
1026 1023 1158 1080 usurus
1182 996 1451 1101 computandus
1467 997 1716 1099 proposuisse,

240 1177 335 1252 ques
359 1165 423 1236 eut
447 1151 488 1222 irc
511 1150 702 1243 sobriam,
722 1135 763 1224 ut
783 1149 1000 1230 Heindorfio
1024 1150 1181 1251 placuit,
1204 1166 1265 1236 eut
1289 1154 1331 1226 irc
1352 1147 1510 1228 'tubum
1534 1161 1716 1246 accepto-⁹

206 1283 208 1287 ¹
240 1330 348 1395 rum,
374 1317 414 1376 ut
440 1303 585 1394 Wissio,
606 1299 794 1395 referrent,
818 1317 974 1377 ocenum
997 1319 1119 1376 eutem
1144 1306 1232 1381 idus
1257 1301 1316 1383 vel
1340 1307 1390 1380 ite
1414 1298 1716 1400 interpretabun-

240 1472 320 1546 tur,
363 1469 404 1528 ιιι
434 1453 531 1528 inter
554 1469 734 1564 nonnset·
752 1452 837 1528 idus
863 1471 947 1530 octo
971 1452 1051 1529 dies
1075 1453 1303 1534 intercedere
1334 1453 1518 1546 dicerent,
1558 1449 1636 1543 rel,
1672 1459 1715 1526 ut

242 1604 461 1697 Schmidius,
486 1621 703 1679 octonorum
728 1607 910 1681 meusium
929 1627 1057 1680 usuros
1082 1623 1311 1706 computatus
1325 1632 1407 1684 esse
1431 1609 1715 1706 suspicerentur,

241 1782 337 1859 quae
361 1757 486 1858 idibus
521 1755 616 1840 solvi
649 1755 882 1849 debuissent,
925 1781 1044 1853 eoque
1076 1773 1186 1860 poeto
1210 1761 1335 1832 omniu
1360 1756 1408 1832 ud
1441 1759 1558 1858 ipsius
1580 1754 1715 1830 foene-

238 1912 396 1983 rntorise
420 1909 507 1982 artis
532 1908 804 2008 exercitationes
829 1924 1105 2004 converterunt,
1127 1910 1265 2010 quibus
1290 1896 1584 2012 ludimagistrum
1608 1904 1713 1984 iilum

239 2075 386 2135 teneros
410 2083 613 2160 puerorum
640 2059 782 2133 animos
815 2059 995 2136 imbuisse
1025 2061 1097 2136 sibi
1129 2061 1404 2162 persuaderent.
1442 2067 1517 2136 Nec
1540 2057 1715 2136 Lambini

241 2214 421 2285 sententia
446 2211 495 2284 eb
520 2210 595 2285 hoc
618 2235 754 2310 genere
778 2210 896 2286 cliens
919 2228 992 2300 est,
1031 2216 1109 2311 qui.
1131 2238 1246 2313 quum
1279 2240 1408 2290 omues
1432 2230 1515 2293 onte
1540 2237 1580 2286 se
1604 2213 1715 2284 inve-

242 2365 356 2436 nisset
376 2366 473 2437 Iutec
492 2363 612 2435 'verba
637 2366 813 2460 accepere
837 2367 885 2437 de
908 2368 1101 2457 mercede,
1125 2393 1223 2462 quae
1246 2372 1410 2444 duretur
1435 2367 1593 2456 Florio,
1628 2363 1713 2462 pri·

153 2560 160 2577 ·
241 2541 325 2590 mus
350 2516 538 2607 omnium-,⁴
555 2528 596 2588 ut
619 2513 783 2610 videtur,
814 2520 863 2592 de
882 2519 1050 2613 pecunia
1075 2532 1192 2592 antea
1217 2519 1406 2592 collocata
1428 2533 1468 2590 et
1494 2519 1535 2589 iu
1550 2519 1715 2614 foenore

234 2653 391 2761 postea,
412 2697 515 2747 nune
538 2682 678 2744 exacta
696 2655 952 2764 intelligenda
975 2648 1136 2760 censuit,
1159 2685 1273 2768 utque
1298 2643 1545 2747 concedemus
1570 2667 1716 2756 Wissio,

242 2823 389 2895 saltum
401 2823 497 2918 jore
529 2823 570 2892 irc
602 2821 881 2893 sententiarum
904 2845 1025 2908 nexu,
1067 2823 1102 2894 ri
1126 2824 1246 2918 pueri
1280 2823 1545 2916 cogitarentur
1570 2845 1596 2892 u
1621 2820 1713 2890 ludo

241 2977 445 3050 redeuntes
470 2997 612 3046 usuras
634 2998 663 3044 a
686 2971 922 3047 debitoribus
953 2986 1111 3049 exactas
1143 2977 1198 3046 cd
1216 2989 1353 3072 patres
1382 2974 1579 3067 perferre,
1619 2967 1712 3044 illud

243 3138 384 3215 nmen,
417 3127 450 3199 si
474 3098 583 3200 recte?
598 3119 712 3197 ruodo
737 3121 1115 3242 disputavimus‚-vix
1147 3124 1263 3223 objici
1295 3125 1446 3223 poterit,
1485 3120 1588 3223 quod
1613 3119 1712 3199 idem

243 3279 428 3376 opposuit,
453 3279 778 3352 accommodatius
792 3279 978 3372 futurum
991 3279 1123 3372 fuisse
1137 3279 1182 3351 ‘si
1201 3278 1344 3351 loculos
1360 3276 1597 3371 tabulasque,
1620 3278 1710 3373 quc?

241 3427 311 3506 buc
342 3433 496 3504 onerati
528 3431 583 3502 ad
607 3427 787 3504 Flauium
818 3421 997 3511 ivissent,
1025 3430 1142 3522 prius
1174 3429 1454 3524 deposuissent,
1493 3430 1525 3502 si
1557 3425 1709 3527 quidem

242 3578 302 3662 his
325 3581 418 3678 ipsis
442 3579 490 3654 ed
514 3579 760 3680 computenda
793 3576 1090 3677 esservsndsque
1124 3603 1209 3654 aere
1243 3603 1338 3680 opus
1369 3596 1466 3672 erat,
1506 3596 1541 3654 et
1574 3582 1605 3652 si
1638 3575 1711 3653 hoc

242 3749 385 3811 tuntum
409 3730 618 3838 significare
642 3731 758 3808 voluit
773 3736 962 3827 Horatius,
994 3734 1089 3807 aliis
1104 3731 1287 3827 patribus
1311 3756 1386 3806 nort
1412 3735 1456 3806 id
1479 3758 1559 3805 esse
1582 3756 1713 3840 carpe,

243 3903 287 3962 ut
301 3887 388 3982 filii
411 3888 473 3960 sui
496 3887 604 3963 dorric
629 3900 666 3960 et
689 3884 856 3960 honestis
882 3886 1034 3962 artibus
1058 3886 1413 3966 erudirenturssed
1435 3899 1478 3958 ut
1501 3896 1712 3980 quaestua-

243 4041 299 4113 sis
323 4053 362 4112 et
392 4041 581 4128 sordidis,
622 4063 752 4136 porum
790 4040 924 4138 opinor
959 4040 1150 4131 intererat,
1189 4053 1312 4112 utrum
1344 4052 1467 4136 putres
1499 4033 1596 4110 iiiios
1629 4050 1713 4108 ante
1808 4103 1813 4124 ,

244 4191 367 4263 omnic
392 4186 540 4264 calculis
564 4186 816 4266 subducendis
837 4190 1025 4266 instituere
1048 4215 1096 4264 en
1119 4215 1248 4268 eorum
1274 4215 1399 4290 opere,
1426 4187 1515 4262 dum
1540 4187 1652 4260 etiem
1674 4189 1712 4260 in

216 4341 389 4460 'scholas
422 4319 573 4432 iterent,
618 4339 667 4414 ud
701 4337 894 4420 sordidam,
928 4345 1107 4442 pecuniae
1153 4346 1378 4418 eructionem
1415 4340 1519 4417 abuti
1555 4335 1713 4428 diceret3

243 4489 346 4598 quod
372 4496 525 4570 sirecte
549 4507 584 4570 et
608 4492 738 4576 ordine
762 4489 966 4596 procedere
989 4495 1179 4589 volumus,
1204 4525 1279 4582 uun
1303 4499 1341 4570 in
1368 4520 1413 4576 eo
1438 4485 1712 4570 consistendum
