4008 5286
865 499 1085 680 Δ.

233 771 442 898 comparari
478 795 638 887 videret,
678 793 1016 882 vicissimalterurn
1050 821 1218 890 versum,
1255 795 1324 895 qui¹
1355 793 1501 868 iliorum
1539 799 1714 898 proprius

224 965 336 1038 esset,
361 974 558 1049 perperam
583 947 630 1024 ad
658 973 794 1049 pucros
822 950 860 1022 in
885 948 1015 1022 iudum
1049 963 1177 1023 euntes
1202 946 1449 1040 transtulisse,
1483 943 1557 1020 huc
1589 963 1713 1026 tanae'tt

232 1104 281 1174 ita
308 1118 447 1174 tantum
473 1099 724 1200 confugerem,
749 1102 780 1172 si
797 1099 906 1182 ‚nulla
931 1101 988 1175 ria
1016 1080 1173 1199 pateret,
1198 1125 1271 1198 qua
1290 1101 1442 1200 ,nactos
1467 1101 1711 1198 tabulamque

123 1293 145 1332 s
232 1257 338 1330 etiarn
366 1268 510 1350 praeter
539 1247 814 1346 calculatorium
841 1275 948 1324 usum
978 1252 1102 1349 pueris
1127 1250 1287 1348 tribuere
1312 1249 1435 1342 liceat,
1471 1252 1527 1330 sin
1560 1275 1605 1324 ex
1627 1255 1711 1352 ipso

231 1403 419 1502 Epistoiae
445 1403 528 1475 loeo
554 1401 794 1501 effictpotea
818 1401 1087 1493 foeneratores,
1127 1405 1299 1502 quicum
1332 1399 1464 1476 localis
1497 1403 1710 1504 tabulaque,

232 1571 271 1626 ut
297 1556 467 1652 superius
490 1552 661 1646 vidimus,
685 1550 918 1642 incederent,
942 1552 1050 1626 simul
1076 1569 1261 1626 externam
1288 1578 1487 1654 puerorum
1515 1553 1711 1630 scholasti..

232 1731 360 1780 corum
387 1707 547 1806 speciem
574 1703 760 1796 retulisse,
798 1706 882 1804 jure
908 1720 1038 1782 ¹nostro
1063 1704 1280 1804 colligemus
1305 1704 1366 1798 ilia
1394 1708 1500 1780 etiarn
1526 1709 1568 1780 in
1593 1707 1712 1792 scho÷
1784 1756 1787 1764 ·

230 1857 358 1932 lastico
391 1873 567 1958 apparatu
601 1857 723 1933 locum
758 1859 928 1960 quamvis
963 1854 1149 1946 diversum
1176 1855 1223 1930 ab
1259 1855 1332 1932 hoc
1365 1858 1612 1934 foeneratorio
1636 1858 1712 1946 lta-,-

231 2009 367 2082 buisse.
401 2015 446 2082 Et
471 2007 562 2085 ittud
588 2010 760 2120 quidem,
795 2009 897 2108 quod
930 2011 1099 2106 super-,ius
1133 2010 1261 2109 posui,
1294 2010 1402 2080 etiam
1437 2036 1536 2082 nnnc
1560 2016 1715 2107 retineo,¹

230 2188 298 2236 nec
321 2162 591 2236 foeneratorum
615 2159 746 2236 loculis
771 2161 932 2235 calculos
957 2160 1126 2236 corrditos
1145 2187 1237 2249 esse,
1260 2137 1327 2234 uec
1352 2186 1488 2258 pueros
1512 2161 1598 2238 idco
1623 2168 1710 2262 quia

131 2303 135 2317 '
230 2313 371 2388 loculos
397 2314 571 2412 gestariat
593 2311 645 2398 ¹ad
671 2311 913 2386 foeneratoris
937 2312 1055 2396 studia
1084 2313 1265 2386 institutos
1291 2309 1421 2386 haberi
1448 2338 1575 2411 posset
1607 2315 1712 2413 quod

230 2482 352 2541 tamen
380 2464 454 2538 dixi
480 2464 582 2538 nullo
607 2480 769 2538 veterum
796 2467 1002 2538 testimonio
1027 2465 1135 2538 aliam
1162 2462 1373 2544 loculorum
1406 2457 1710 2564 significationem
1732 2559 1741 2567 ι

232 2634 418 2708 constare,
457 2619 527 2689 nisi
553 2641 650 2714 quae
685 2613 733 2690 ad
769 2616 961 2714 pecuniam
997 2613 1133 2688 aliasve
1167 2615 1249 2713 eJ‘us
1274 2617 1419 2710 generis
1446 2641 1504 2690 res
1530 2622 1709 2715 pretiosas

232 2766 445 2846 condendas
470 2783 662 2866 spectaret,
689 2791 763 2845 non
789 2791 868 2840 eam
895 2767 968 2836 vim
994 2764 1120 2855 hahet,
1144 2781 1183 2837 ut
1208 2766 1238 2838 si
1254 2763 1325 2837 loci
1351 2765 1508 2865 alicujus
1531 2760 1709 2844 serrtentia

230 2919 268 2994 id
286 2924 407 3020 ipsum
436 2916 605 3022 postulet,
629 2917 811 3028 librorum
836 2917 971 3016 pariter
990 2940 1032 2988 ac
1052 2942 1284 3016 genaunorum
1311 2919 1368 2988 vet
1388 2916 1545 3010 clavium
1573 2919 1710 2996 condi·-

230 3074 335 3156 toria,
362 3095 458 3165 quae
484 3069 573 3144 alias
597 3096 736 3166 capsae
761 3095 788 3149 s.
814 3071 962 3144 scrinia
988 3064 1343 3169 appellabanturtt),
1366 3068 1575 3168 significare
1596 3097 1711 3170 ‚posse

230 3250 373 3325 negem,
399 3183 589 3324 quumque
611 3223 785 3296 tabulam
804 3223 882 3321 jam
901 3234 921 3294 a
939 3219 1135 3296 scholiasta
1162 3219 1208 3294 ad
1229 3218 1417 3298 scribendi
1434 3218 1708 3298 meditationem

229 3375 358 3450 referri
385 3373 591 3466 videamus,
636 3390 775 3448 tantum
802 3372 904 3448 abest
939 3389 978 3448 ut
1003 3373 1189 3472 Epistolae
1215 3371 1335 3472 locum
1359 3369 1431 3444 hoc
1458 3387 1580 3446 vetare
1605 3374 1710 3450 arhi-

230 3543 314 3617 trer,
339 3551 385 3600 ne
412 3528 556 3599 loculos
582 3551 651 3622 pru
676 3527 856 3603 librorum
883 3525 1170 3624 chartarumque
1203 3541 1239 3597 et
1271 3523 1342 3600 stili
1376 3528 1601 3624 repositoriis
1631 3525 1705 3602 ha-

229 3681 402 3769 beamus,
446 3692 485 3750 ut
519 3677 578 3751 vel
612 3683 809 3752 maximum
843 3681 927 3780 ejus
960 3701 1114 3752 acumen
1149 3679 1351 3778 periturum
1389 3703 1469 3752 esse
1502 3676 1642 3769 dicam,
1675 3681 1707 3767 si
1803 3737 1805 3742 .

296 4100 347 4164 46)
365 4101 408 4153 Ci.
427 4102 496 4154 Hor.
510 4101 572 4154 Sat.
591 4101 621 4166 t,
650 4107 673 4156 1.
691 4101 757 4154 tetta
783 4119 817 4155 ae
834 4119 875 4156 mc
896 4101 1017 4172 Crispini
1038 4101 1139 4157 scrinia
1157 4104 1227 4172 lippi
1244 4101 1400 4170 compilasse
1417 4108 1510 4169 pstea,
1532 4097 1581 4152 att
1599 4099 1705 4157 norom

229 4198 347 4260 scrinio,
364 4195 465 4264 inqrrit,
485 4215 583 4264 capsae
595 4199 623 4250 is
640 4198 737 4266 qnibnr
755 4198 818 4252 thri
834 4202 1020 4262 contineatur,-
1036 4201 1106 4254 stiae
1119 4200 1176 4255 cte
1191 4201 1255 4254 nte.
1272 4198 1299 4251 in
1315 4197 1418 4252 ceseii.
1436 4213 1459 4248 c.
1477 4195 1525 4249 lt:
1542 4195 1609 4248 milri
1625 4215 1707 4265 quern

227 4294 486 4362 mattiseustodibeu
503 4311 570 4362 opus
582 4301 632 4356 est,
646 4295 674 4348 ai
690 4301 715 4346 te
732 4296 814 4349 unet
827 4298 865 4350 od
881 4313 953 4350 neos
971 4313 1068 4366 «epm
1088 4297 1248 4354 adusserat,
1261 4295 1397 4366 pineaque
1414 4290 1487 4362 apud
1508 4289 1541 4344 G·
1560 4292 1705 4346 hilarisc-

228 4407 290 4444 rum
313 4388 340 4442 in
366 4388 439 4442 tihro
458 4388 666 4460 elegantissimo
684 4390 733 4458 qni
760 4390 921 4448 inscribitur
939 4394 1035 4448 carm
1061 4393 1124 4450 odcr
1150 4392 1399 4448 renovassem
1423 4405 1474 4444 cns
1497 4387 1545 4442 tter
1563 4387 1621 4450 W
1646 4393 1703 4444 Au-

225 4493 305 4556 gus
326 4483 417 4556 turp..
435 4486 513 4540 raas.
528 4486 558 4551 s)
577 4485 610 4539 r.
628 4485 652 4550 t,
670 4504 696 4556 a
715 4489 774 4543 ror.
1015 4467 1017 4475 ¹
